@InCollection{oatley+crick:2014,
  author = 	 {Giles Oatley and Tom Crick},
  title = 	 {{Changing Faces: Identifying Complex Behavioural Profiles}},
  booktitle = 	 {{Human Aspects of Information Security, Privacy and Trust}},
  publisher =    {Springer},
  year = 	 {2014},
  volume = 	 {8533},
  series = 	 {{Lecture Notes in Computer Science}},
  pages = 	 {282--293}
}

@INPROCEEDINGS{oatley+crick_asonam2014,
  author =      {Giles Oatley and Tom Crick},
  title =       {{Measuring UK Crime Gangs}},
  booktitle =   {{Proceedings of 2014 IEEE/ACM International Conference on Advances in Social Networks Analysis and Mining (ASONAM 2014)}},
  year =        {2014},
  publisher =   {IEEE Press}
}

@INPROCEEDINGS{oatley+crick_fosintsi2014,
  author =      {Giles Oatley and Tom Crick},
  title =       {{Exploring UK Crime Networks}},
  booktitle =   {{Proceedings of 2014 International Symposium on Foundations of Open Source Intelligence and Security Informatics (FOSINT-SI 2014)}},
  year =        {2014},
  publisher =   {IEEE Press}
}

@ARTICLE{oatley+crick:2015,
  author =       {Giles Oatley and Tom Crick},
  title =        {{Measuring UK Crime Gangs: A Social Network Problem}},
  journal =      {{Social Network Analysis and Mining}},
  eid =          {33},
  volume = 	 {5},
  number = 	 {1},
  year =         {2015},
  publisher =    {Springer}
}

@INPROCEEDINGS{oatley-et-al-soccogcomp2015,
  author =       {Giles Oatley and Tom Crick and Mohamed Mostafa},
  title =        {{Digital Footprints: Envisaging and Analysing Online Behaviour}},
  booktitle =    {{Proceedings of 2015 Symposium on Social Aspects of Cognition and Computing Symposium (SSAISB 2015)}},
  year =         {2015}
}

@TechReport{bbw:2012,
  author = 	 {{Big Brother Watch}},
  title = 	 {{The Price of Privacy: How local authorities spent \pounds 515m on CCTV in four years}},
  year = 	 {2012},
  month = 	 {February}
}

@Article{welsh+farrington:2009,
  author = 	 {Brandon C. Welsh and David P. Farrington},
  title = 	 {{Public Area CCTV and Crime Prevention: An Updated Systematic Review and Meta‐Analysis}},
  journal = 	 {{Justice Quarterly}},
  year = 	 {2009},
  volume = 	 {26},
  number = 	 {4},
  pages = 	 {716--745}
}

@InBook{dibella-et-al:2014,
  author = 	 {Enrico {di Bella} and Francesca Odone and Matteo Corsi and Alberto Sillitti and Ruth Breu},
  title = 	 {{Smart City: How to Create Public and Economic Value with High Technology in Urban Space}},
  chapter = 	 {{Smart Security: Integrated Systems for Security Policies in Urban Environments}},
  publisher = 	 {Springer},
  year = 	 {2014},
  pages = 	 {193--220}
}

@TechReport{ratcliffe+taniguchi:2008,
  author = 	 {Jerry Ratcliffe and Travis Taniguchi},
  title = 	 {{The crime reduction effects of public CCTV cameras in the City of Philadelphia, PA installed during 2006}},
  institution =  {{Temple University, Philadelphia}},
  year = 	 {2008},
  month = 	 {February}
}

@Article{ratcliffe-et-al:2009,
  author = 	 {Jerry H. Ratcliffe and Travis A. Taniguchi and R.B. Taylor},
  title = 	 {{The crime reduction effects of public CCTV cameras: A multi-method spatial approach}},
  journal = 	 {{Justice Quarterly}},
  year = 	 {2009},
  volume = 	 {26},
  number = 	 {4},
  pages = 	 {746--770}
}

@Article{caplan-et-al:2011,
  author = 	 {Joel M. Caplan and Leslie W. Kennedy and Gohar Petrossian},
  title = 	 {{Police-monitored CCTV cameras in Newark, NJ: A quasi-experimental test of crime deterrence}},
  journal = 	 {{Journal of Experimental Criminology}},
  year = 	 {2011},
  volume = 	 {7},
  number = 	 {3},
  pages = 	 {255--274}
}

@ARTICLE{klerks:2001,
  author =       {P. Klerks},
  title =        {{The Network Paradigm Applied to Criminal Organizations}},
  journal =      {{Connections}},
  year =         {2001},
  volume =       {24},
  number = 	 {3},
  pages =        {53--65}
}

@Book{lipton:2002,
  author = 	 {Peter Lipton},
  title = 	 {{Inference to the Best Explanation}},
  publisher = 	 {Routledge},
  year = 	 {2002},
  edition = 	 {2nd}
}

@Article{lipton:2005,
  author = 	 {Peter Lipton},
  title = 	 {{Testing Hypotheses: Prediction and Prejudice}},
  journal = 	 {Science},
  year = 	 {2005},
  volume = 	 {307},
  number = 	 {5707},
  pages = 	 {219--221}
}

@Article{schwartz-et-al:2013,
  author = 	 {H. Andrew Schwartz and Johannes C. Eichstaedt and Margaret L. Kern and Lukasz Dziurzynski and Stephanie M. Ramones and Megha Agrawal and Achal Shah and Michal Kosinski and David Stillwell and Martin E. P. Seligman and Lyle H. Ungar},
  title = 	 {{Personality, Gender, and Age in the Language of Social Media: The Open-Vocabulary Approach}},
  journal = 	 {{PLoS ONE}},
  year = 	 {2013},
  volume = 	 {8},
  number = 	 {9}
}

@Article{lambiotte+kosinski:2014,
  author = 	 {Renaud Lambiotte and Michal Kosinski},
  title = 	 {{Tracking the Digital Footprints of Personality}},
  journal = 	 {{Proceedings of the IEEE}},
  year = 	 {2014},
  volume = 	 {102},
  number = 	 {12},
  pages = 	 {1934--1939}
}

@Article{caverlee-et-al:2013,
  author = 	 {James Caverlee and Zhiyuan Cheng and Daniel Z. Sui and Krishna {Yeswanth Kamath}},
  title = 	 {{Towards Geo-Social Intelligence: Mining, Analyzing, and Leveraging Geospatial Footprints in Social Media}},
  journal = 	 {{IEEE Data Engineering Bulletin}},
  year = 	 {2013},
  volume = 	 {36},
  number = 	 {3},
  pages = 	 {33--41},
  annote = 	 {{Special Issue on Social Media and Data Analysis}}
}

@InBook{stefanidis-et-al:2014,
  author = 	 {A. Stefanidis and A. Crooks and J. Radzikowski and A. Croitoru and M. Rice},
  title = 	 {{Socio-Cultural Dynamics and Global Security: Interdisciplinary Perspectives on Human Geography in an Era of Persistent Conflict}},
  chapter = 	 {{Social Media and the Emergence of Open-Source Geospatial Intelligence}},
  series = 	 {{USGIF}},
  pages = 	 {109--123}
}

@InProceedings{cheng-et-al:2010,
  author = 	 {Z. Cheng and J. Caverlee and K. Lee},
  title = 	 {{You Are Where You Tweet: A Content-Based Approach to Geo-locating Twitter Users}},
  booktitle =    {{Proceedings of the 19th ACM Conference on Information and Knowledge Management (CIKM'10)}},
  year = 	 {2010},
  pages = 	 {759--768},
  publisher =    {{ACM Press}}
}

@Unpublished{zhao-et-al:2011,
  author = 	 {Siqi Zhao and Lin Zhong and Jehan Wickramasuriya and Venu Vasudevan},
  title = 	 {{Human as Real-Time Sensors of Social and Physical Events: A Case Study of Twitter and Sports Games}},
  note = 	 {\url{http://arxiv.org/abs/1106.4300}},
  year = 	 {2011}
}

@Article{sloan-et-al:2013,
  author = 	 {Luke Sloan and Jeffrey Morgan and William Housley and Matthew L. Williams and Adam Edwards and Pete Burnap and Omer F. Rana},
  title = 	 {{Knowing the Tweeters: Deriving Sociologically Relevant Demographics from Twitter}},
  journal = 	 {{Sociological Research Online}},
  year = 	 {2013},
  volume = 	 {18},
  number = 	 {3}
}

@Article{procter-et-al:2013,
  author = 	 {Rob Procter and Jeremy Crump and Susanne Karstedt and Alex Voss and Marta Cantijoch},
  title = 	 {{Reading the riots: what were the police doing on Twitter?}},
  journal = 	 {{Policing and Society}},
  year = 	 {2013},
  volume = 	 {23},
  number = 	 {4},
  pages = 	 {413-436},
  OPTnote = 	 {{Special Issue on Policing Cybercrime: Networked and Social Media Technologies and the Challenges for Policing}}
}

@Article{burnap-et-al:2014,
  author = 	 {Pete Burnap and Matthew L. Williams and Luke Sloan and Omer F. Rana and William Housley and Adam Edwards and Vincent Knight and Rob Procter and Alex Voss},
  title = 	 {{Tweeting the terror: modelling the social media reaction to the Woolwich terrorist attack}},
  journal = 	 {{Social Network Analysis and Mining}},
  year = 	 {2014},
  volume = 	 {4},
  number = 	 {1}
}

@InProceedings{liang-et-al:2013,
  author = 	 {Yuan Liang and James Caverlee and Zhiyuan Cheng and Krishna Y. Kamath},
  title = 	 {{How big is the crowd?: event and location based population modeling in social media}},
  booktitle =    {{Proceedings of the 24th ACM Conference on Hypertext and Social Media (HT'13)}},
  year = 	 {2013},
  pages = 	 {99--108},
  publisher =    {{ACM Press}}
}

@InProceedings{kamath-et-al:2013,
  author = 	 {Krishna Y. Kamath and James Caverlee and Kyumin Lee and Zhiyuan Cheng},
  title = 	 {{Spatio-Temporal Dynamics of Online Memes: A Study of Geo-Tagged Tweets}},
  booktitle =    {{Proceeding of the 22nd Annual ACM World Wide Web Conference 2013 (WWW'13)}},
  year = 	 {2013},
  pages = 	 {667--678},
  publisher =    {{ACM Press}}
}

@Misc{ganne:2010,
  author = 	 {Liz Gannes},
  title = 	 {{The Short and Illustrious History of Twitter \#Hashtags}},
  howpublished = {\url{https://gigaom.com/2010/04/30/the-short-and-illustrious-history-of-twitter-hashtags/}},
  month = 	 {April},
  year = 	 {2010}
}

@InProceedings{sankaranarayanan-et-al:2009,
  author = 	 {Jagan Sankaranarayanan and Hanan Samet and Benjamin E. Teitler and Michael D. Lieberman and Jon Sperling},
  title = 	 {{TwitterStand: news in tweets}},
  booktitle =    {{Proceedings of the 17th ACM SIGSPATIAL International Conference on Advances in Geographic Information Systems (GIS'09)}},
  year = 	 {2009},
  pages = 	 {42--51},
  publisher =    {{ACM Press}}
}

@Article{woodworth-et-al:2012,
  author = 	 {Michael Woodworth and Jeffrey Hancock and Stephen Porter and Robert Hare and Matt Logan and Mary Ellen O’Toole and Sharon Smith},
  title = 	 {{The Language of Psychopaths: New Findings and Implications for Law Enforcement}},
  journal =      {FBI Law Enforcement Bulletin},
  year = 	 {2012},
  month =        {July}
}

@InProceedings{iacobelli-et-al:2011,
  author = 	 {F. Iacobelli and A.J. Gill and S. Nowson and J. Oberlander},
  title = 	 {{Large Scale Personality Classification of Bloggers}},
  booktitle =    {{Proceedings of the 4th International Conference on Affective Computing and Intelligent Interaction (ACII'11)}},
  year = 	 {2011},
  pages = 	 {568-577},
  publisher =    {Springer}
}

@Article{pennebaker+king:1999,
  author = 	 {J.W. Pennebaker and L.A. King},
  title = 	 {{Linguistic styles: language use as an individual difference}},
  journal = 	 {{Journal of Personality and Social Psychology}},
  year = 	 {1999},
  volume = 	 {77},
  number = 	 {6},
  pages = 	 {1296--1312}
}

@InProceedings{oberlander+gill:2004,
  author = 	 {J. Oberlander and A. J. Gill},
  title = 	 {{Individual differences and implicit language: Personality, parts-of-speech and pervasiveness}},
  booktitle =    {{Proceedings of the 26th Annual Conference of the Cognitive Science Society}},
  pages = 	 {1035--1040},
  year = 	 {2004}
}

@ARTICLE{oberlander+gill:2006,
  author =       {J. Oberlander and A. J. Gill},
  title =        {{Language with character: A stratified corpus comparison of individual differences in e-mail communication}},
  journal =      {{Discourse Processes}},
  year =         {2006},
  volume =       {42},
  number =       {3},
  pages =        {239--270}
}

@Article{scherer:1984,
  author = 	 {Klaus R. Scherer},
  title = 	 {{Emotion as a Multicomponent Process: A model and some cross-cultural data}},
  journal = 	 {{Review of Personality and Social Psych}},
  year = 	 {1984},
  volume = 	 {5},
  pages = 	 {37--63}
}

@Article{vazire+gosling:2004,
  author = 	 {S. Vazire and S.D. Gosling},
  title = 	 {{e-Perceptions: Personality Impressions Based on Personal Websites}},
  journal = 	 {{Journal of Personality and Social Psychology}},
  year = 	 {2004},
  volume = 	 {87},
  number = 	 {1},
  pages = 	 {123--132}
}

@INPROCEEDINGS{blamey-et-al-2012,
  author =       {Benjamin Blamey and Tom Crick and Giles Oatley},
  title =        {{R U :-) or :-( ? Character- vs. Word-Gram Feature Selection for
	Sentiment Classification of OSN Corpora}},
  booktitle =    {{Research and Development in Intelligent Systems XXIX, Proceedings of the 32nd SGAI International Conference on Artificial Intelligence (AI-2012)}},
  pages =        {207--212},
  publisher =    {Springer},
  year =         {2012}
}

@Article{youyou-et-al:2014,
  author = 	 {Wu Youyou and Michal Kosinski and David Stillwell},
  title = 	 {{Computer-based personality judgments are more accurate than those made by humans}},
  journal = 	 {{Proceedings of the National Academy of Sciences of the United States of America}},
  year = 	 {2014},
  volume = 	 {112},
  number = 	 {4},
  pages = 	 {1036--1040}
}

@Article{mairesse-et-al:2007,
  author = 	 {F. Mairesse and M.A. Walker and M.R. Mehi and R.K. Moore},
  title = 	 {{Using Linguistic Cues for the Automatic Recognition of Personality in Conversation and Text}},
  journal = 	 {{Journal of Artificial Intelligence Research}},
  year = 	 {2007},
  volume = 	 {30},
  pages = 	 {457--500}
}

@Misc{pennebaker-et-al:2001,
  author = 	 {J.W. Pennebaker and M.E. Francis and R.J. Booth},
  title = 	 {{Linguistic Inquiry and Word Count}},
  howpublished = {{Erlbaum Publishers}},
  year = 	 {2001}
}

@Article{wilson:1988,
  author = 	 {Michael Wilson},
  title = 	 {{The MRC Psycholinguistic Database: Machine Readable Dictionary, Version 2.00}},
  journal = 	 {{Behavior Research Methods, Instruments \& Computers}},
  year = 	 {1988},
  volume = 	 {20},
  number = 	 {1},
  pages = 	 {6--10}
}

@ARTICLE{norman:1963,
  author =       {Warren T. Norman},
  title =        {{Toward an adequate taxonomy of personality attributes: Replicated factor structure in peer nomination personality ratings}},
  journal =      {{Journal of Abnormal and Social Psychology}},
  volume =       {66},
  number =       {6},
  pages =        {574--583},
  year =         {1963}
}

@Article{peabody+goldberg:1989,
  author = 	 {D. Peabody and L.R. Goldberg},
  title = 	 {{Some determinants of factor structures from personality-trait descriptor}},
  journal = 	 {{Journal of Personality and Social Psychology}},
  year = 	 {1989},
  volume = 	 {57},
  number = 	 {3},
  pages = 	 {552--567}
}

@ARTICLE{eysenck:1992,
  author =       {H. J. Eysenck},
  title =        {{Four ways five factors are not basic}},
  journal =      {{Personality and Individual Differences}},
  year =         {1992},
  volume =       {13},
  number =       {6},
  pages =        {667--673}
}

@ARTICLE{paunonen+jackson:2000,
  author =       {S. V. Paunonen and D. N. Jackson},
  title =        {{What is beyond the Big Five? Plenty!}},
  journal =      {{Journal of Personality}},
  year =         {2000},
  volume =       {68},
  number =       {5},
  pages =        {821--836}
}

@ARTICLE{block:2010,
  author =       {Jack Block},
  title =        {{The Five-Factor Framing of Personality and Beyond: Some Ruminations}},
  journal =      {{Psychological Inquiry}},
  year =         {2010},
  volume =       {21},
  number =       {1},
  pages =        {2--25}
}

@ARTICLE{szirmak+deraad:1994,
  author =       {Zs\'{o}fia Szirm\'{a}k and Boele {De Raad}},
  title =        {{Taxonomy and structure of Hungarian personality traits}},
  journal =      {{European Journal of Personality}},
  year =         {1994},
  volume =       {8},
  number =       {2},
  pages =        {95--117}
}

@ARTICLE{defruyt-et-al:2004,
  author =       {Filip {De Fruyt} and Robert R. McCrae and Zs\'{o}fia Szirm\'{a}k and J\'{a}nos Nagy},
  title =        {{The Five-Factor Personality Inventory as a Measure of the Five-Factor Model: Belgian, American, and Hungarian Comparisons with the NEO-PI-R}},
  journal =      {{Assessment}},
  year =         {2004},
  volume =       {11},
  number =       {3},
  pages =        {207--215}
}

@Article{miller+lynam:2003,
  author = 	 {J.D. Miller and D.R Lynam},
  title = 	 {{Psychopathy and the Five-factor model of personality: a replication and extension}},
  journal = 	 {{Journal of Personality Assessment}},
  year = 	 {2003},
  volume = 	 {81},
  number = 	 {2},
  pages = 	 {168--178}
}

@Article{lynam-et-al:2005,
  author = 	 {D.R. Lynam and A. Caspi and T.E. Moffitt and A. Raine and R. Loeber and M. Stouthamer-Loeber},
  title = 	 {{Adolescent psychopathy and the big five: results from two samples}},
  journal = 	 {{Journal of Abnormal Child Psychology}},
  year = 	 {2005},
  volume = 	 {33},
  number = 	 {4},
  pages = 	 {431--443}
}

@Article{burnap-et-al:2015,
  author = 	 {Peter Burnap and Omer Rana and Matthew Williams and William Housley and Adam Edwards and Jeffrey Morgan and Luke Sloan and Javier Conejero},
  title = 	 {{COSMOS: Towards an integrated and scalable service for analysing social media on demand}},
  journal = 	 {{International Journal of Parallel, Emergent and Distributed Systems}},
  year = 	 {2015},
  volume = 	 {30},
  number = 	 {2},
  pages = 	 {80--100}
}

@Article{kosinski-et-al:2013,
  author = 	 {Michal Kosinski and David Stillwell and Thore Graepel},
  title = 	 {{Private traits and attributes are predictable from digital records of human behavior}},
  journal = 	 {{Proceedings of the National Academy of Sciences of the United States of America}},
  year = 	 {2013},
  volume = 	 {110},
  number = 	 {15},
  pages = 	 {5802--5805}
}

@Article{gerritsen:2015,
  author = 	 {Charlotte Gerritsen},
  title = 	 {{Agent-based modelling as a research tool for criminological research}},
  journal = 	 {{Crime Science}},
  year = 	 {2015},
  volume = 	 {4},
  number = 	 {2}
}

@InBook{crooks:2012,
  author = 	 {A.T. Crooks},
  title = 	 {{Complexity and Planning: Systems, Assemblages and Simulations}},
  chapter = 	 {{The Use of Agent-Based Modelling for Studying the Social and Physical Environment of Cities}},
  publisher = 	 {Ashgate},
  year = 	 {2012},
  series = 	 {{New Directions in Planning Theory}}
}

@Article{chorley-et-al:2015,
  author = 	 {Martin J. Chorley and Roger M. Whitaker and Stuart M. Allen},
  title = 	 {{Personality and location-based social networks}},
  journal = 	 {{Computers in Human Behavior}},
  year = 	 {2015},
  volume = 	 {46},
  pages = 	 {45--56}
}

@InProceedings{crooks+castle:2012,
  author = 	 {Andrew T. Crooks and Christian J. E. Castle},
  title = 	 {{The Integration of Agent-Based Modelling and Geographical Information for Geospatial Simulation}},
  booktitle =    {{Agent-Based Models of Geographical Systems}},
  year = 	 {2012},
  pages = 	 {219--251},
  publisher =    {Springer}
}

@Article{goold:2002,
  author = 	 {Benjamin J. Goold},
  title = 	 {{Privacy rights and public spaces: CCTV and the problem of the ``unobservable observer''}},
  journal = 	 {{Criminal Justice Ethics}},
  year = 	 {2002},
  volume = 	 {21},
  number = 	 {1},
  pages = 	 {21--27}
}

@Article{bowden:2002,
  author = 	 {Caspar Bowden},
  title = 	 {{Closed circuit television for inside your head: blanket traffic data retention and the emergency anti-terrorism legislation}},
  journal = 	 {{Computer and Telecommunications Law Review}},
  year = 	 {2002},
  volume = 	 {8},
  number = 	 {2},
  pages =        {21--24}
}

@Article{graham:2002,
  author = 	 {Stephen Graham},
  title = 	 {{CCTV: The Stealthy Emergence of a Fifth Utility?}},
  journal = 	 {{Planning Theory \& Practice}},
  year = 	 {2002},
  volume = 	 {3},
  number = 	 {2},
  pages = 	 {237--241}
}

@Manual{ukhocctv:2009,
  title = 	 {{CCTV Operational Requirements Manual 2009}},
  author = 	 {N. Cohen and J. Gattuso and K. MacLennan-Brown},
  organization = {{UK Home Office, Scientific Development Branch}},
  year = 	 {2009},
  note = 	 {Publication No. 28/09}
}

@INPROCEEDINGS{nesta:2015,
  author =       {Tom Crick and Juan Mateos-Garcia and Hasan Bakhshi and Stian Westlake},
  title =        {{Innovation Policy-Making in the Big Data Era}},
  booktitle =    {{Proceedings of Data for Policy 2015}},
  year =         {2015}
}

@INPROCEEDINGS{carr+crick:2015,
  author =       {Madeline Carr and Tom Crick},
  title =        {{The Problem of the P3: Public-Private Partnerships in National Cyber Security Strategies}},
  booktitle =    {{Proceedings of 1st International Conference on Cyber Security for Sustainable Society 2015}},
  year =         {2015}
}

@Article{biel+gatica-perez:2012,
  author = 	 {J. Biel and D. Gatica-Perez},
  title = 	 {{The YouTube Lens: Crowdsourced Personality Impressions and Audiovisual Analysis of Vlogs}},
  journal = 	 {{IEEE Transactions on Multimedia}},
  year = 	 {2012},
  volume = 	 {15},
  number = 	 {1},
  pages = 	 {41--55}
}

@TechReport{arup-et-al:2011,
  author = 	 {{Arup, The Climate Group, Accenture and Horizon, University of Nottingham}},
  title = 	 {{Information Marketplaces: The New Economics of Cities}},
  year = 	 {2011},
  month = 	 {November}
}

@TechReport{goscience:2014,
  author = 	 {{UK Government Office for Science}},
  title = 	 {{What are future cities? Origins, meanings and uses}},
  year = 	 {2014},
  month = 	 {June}
}

@INPROCEEDINGS{cosgrave-et-al:2014,
  author =       {Ellie Cosgrave and Theo Tryfonas and Tom Crick},
  title =        {{The Smart City from a Public Value Perspective}},
  booktitle =    {{Proceedings of 2nd International Conference on ICT for Sustainability (ICT4S 2014)}},
  year =         {2014}
}

@TechReport{postsm:2014,
  author = 	 {{UK Parliamentary Office of Science and Technology}},
  title = 	 {{Social Media and Big Data}},
  number = 	 {Report 460},
  year = 	 {2014},
  month = 	 {March}
}

@Article{bonabeau:2002,
  author = 	 {Eric Bonabeau},
  title = 	 {{Agent-based modeling: Methods and techniques for simulating human systems}},
  journal = 	 {{Proceedings of the National Academy of Sciences of the United States of America}},
  year = 	 {2002},
  volume = 	 {99},
  number = 	 {3},
  pages = 	 {7280--7287}
}

@Article{lazer-et-al:2009,
  author = 	 {David Lazer and Alex Pentland and Lada Adamic and Sinan Aral and Albert-L\'{a}szl\'{o} Barab\'{a}si and Devon Brewer and Nicholas Christakis and Noshir Contractor and James Fowler and Myron Gutmann and Tony Jebara and Gary King and Michael Macy and Deb Roy and Marshall {Van Alstyne}},
  title = 	 {{Computational Social Science}},
  journal = 	 {{Science}},
  year = 	 {2009},
  volume = 	 {323},
  number = 	 {5915},
  pages = 	 {721-723},
}

@ARTICLE{oatley-et-al:2006,
  author =       {Giles Oatley and Brian Ewart and John Zeleznikow},
  title =        {{Decision Support Systems For Police: Lessons From The Application of Data Mining Techniques To ``Soft'' Forensic Evidence}},
  journal =      {{Artificial Intelligence and Law}},
  year =         {2006},
  volume =       {14},
  number =       {1-2},
  pages =        {35--100}
}

@INPROCEEDINGS{gisruk:2015,
  author =       {Giles Oatley and Tom Crick and Ray Howell},
  title =        {{Data Exploration with GIS Viewsheds and Social Network Analysis}},
  booktitle =    {{Proceedings of 23rd GIS Research UK Conference (GISRUK 2015)}},
  year =         {2015}
}

@ARTICLE{oatley-et-al:2006a,
  author =       {G. Oatley and K. McGarry and B. Ewart},
  title =        {{Offender Network Metrics}},
  journal =      {{WSEAS Transactions on Information Science \& Applications}},
  year =         {2006},
  volume =       {12},
  number = 	 {3},
  pages =        {2440--2448}
}